@article{bm_fast,
  title={A fast string searching algorithm},
  author={Boyer, Robert S and Moore, J Strother},
  journal={Communications of the ACM},
  volume={20},
  number={10},
  pages={762--772},
  year={1977},
  publisher={ACM}
}

@article{bm_tbc,
 author = {Cole, Richard},
 title = {Tight Bounds on the Complexity of the Boyer--Moore String Matching Algorithm},
 journal = {SIAM J. Comput.},
 issue_date = {Oct. 1994},
 volume = {23},
 number = {5},
 month = oct,
 year = {1994},
 issn = {0097-5397},
 pages = {1075--1091},
 numpages = {17},
 url = {http://dx.doi.org/10.1137/S0097539791195543},
 doi = {10.1137/S0097539791195543},
 acmid = {196825},
 publisher = {Society for Industrial and Applied Mathematics},
 address = {Philadelphia, PA, USA},
 keywords = {Boyer--Moore algorithm, amortized analysis, character comparisons, string matching}
 }

@article{intro,
  title={Exact Matching: What is the problem.},
  url = {http://www.di.unipi.it/~pisanti/DIDATTICA/patternmatching1.pdf},
}

@article{aho,
  title = "Efficient string matching: an aid to bibliographic search",
  author = "Alfred V. Aho and Margaret J. Corasick",
  journal = "Communications of the ACM",
  volume = "18",
  number = "6",
  year = "1975",
  pages = "333--340"
}

 @book{hopcroft,
  author = {John E. Hopcroft and Jefferey D. Ullman},
  title = {Introduction to Automata Theory, Languages, and Computation},
  publisher = {Adison-Wesley Publishing Company},
  year = 1979,
  address = {Reading, Massachusets, USA}
}

@article{ukkonen1995line,
  title={On-line construction of suffix trees},
  author={Ukkonen, Esko},
  journal={Algorithmica},
  volume={14},
  number={3},
  pages={249--260},
  year={1995},
  publisher={Springer}
}
